<?xml version="1.0" encoding="UTF-8"?><collection xmlns="http://www.loc.gov/MARC21/slim"><record><leader>00575nam--2200181-u-4500</leader><controlfield tag="001">000052724</controlfield><controlfield tag="002">20161230</controlfield><controlfield tag="005">20161230201050</controlfield><controlfield tag="008">101006s1000------------r-----000-0-eng-d</controlfield><datafield ind1=" " ind2=" " tag="040"><subfield code="a">IFIN-HH</subfield></datafield><datafield ind1=" " ind2=" " tag="080"><subfield code="a">654.9:534</subfield></datafield><datafield ind1="1" ind2=" " tag="100"><subfield code="a">Fletcher, Harvey</subfield></datafield><datafield ind1="1" ind2="0" tag="245"><subfield code="a">Speech and Hearing in Communication</subfield><subfield code="b">A Thorough Treatment of Speech and Hearing Specifically Applied to Practical Problems</subfield><subfield code="c">Harvey Fletcher</subfield></datafield><datafield ind1=" " ind2=" " tag="260"><subfield code="a">London</subfield><subfield code="b">D. Van Nostrand Company, Inc</subfield><subfield code="c">1953</subfield></datafield><datafield ind1=" " ind2=" " tag="300"><subfield code="a">461 p</subfield></datafield><datafield ind1=" " ind2=" " tag="490"><subfield code="a">Bell Laboratoires Series</subfield></datafield><datafield ind1=" " ind2=" " tag="852"><subfield code="a">10538</subfield><subfield code="c">534</subfield></datafield><datafield ind1=" " ind2=" " tag="CAT"><subfield code="a">Sys</subfield><subfield code="c">20101006</subfield><subfield code="h">133012</subfield></datafield></record></collection>